@article{Davidsandberg, 
  title = {Davidsandberg/facenet: Face recognition using Tensorflow}, 
  author = {Davidsandberg},
  url = {https://github.com/davidsandberg/facenet}, 
  year = {2018},
  note = {GitHub repository}
} 

@article{Dev-ShuvoAlok, 
  title = {CK+ dataset}, 
  author = {Dev-ShuvoAlok},
  url = {https://www.kaggle.com/datasets/shuvoalok/ck-dataset}, 
  year = {2023},
  note = {Kaggle dataset}
} 

@article{Jeffprosise, 
  title = {Facial recognition via transfer learning}, 
  author = {Jeffprosise},
  url = {https://github.com/jeffprosise/Deep-Learning}, 
  year = {2021},
  note = {GitHub repository}
} 

@article{ShanLi,
  author = {Li, Shan and Deng, Weihong and Du, JunPing},   
  journal = {CVPR 2017},
  title = {Reliable Crowdsourcing and Deep Locality-Preserving Learning for Expression Recognition in the Wild},
  volume = {1},
  year = {2017}
}

@article{ShanLiIEEE,
  author = {Li, Shan and Deng, Weihong},
  journal = {IEEE Transactions on Affective Computing}, 
  title = {Deep Facial Expression Recognition: A Survey}, 
  year = {2022},
  volume = {13},
  number = {3},
  pages = {1195-1215},
  keywords = {Databases; Face recognition; Deep learning; Three-dimensional displays; Lighting; Neural networks; Training data; Facial expression recognition; facial expression datasets; affect; deep learning; survey}
}

@article{SeyedMohammad,
  author = {Seyed Mohammad Mavadati and others},   
  journal = {IEEE Transactions on Affective Computing},
  title = {DISFA (Denver Intensity of Spontaneous Facial Action)},
  volume = {1},
  pages = {151 - 160},
  year = {2013}
}

@article{WuJie1010, 
  title = {Facial-Expression-Recognition.Pytorch}, 
  author = {WuJie1010},
  url = {https://github.com/WuJie1010/Facial-Expression-Recognition.Pytorch}, 
  year = {2018},
  note = {GitHub repository}
}
